<?xml version="1.0" encoding="UTF-8"?><collection xmlns="http://www.loc.gov/MARC21/slim"><record><leader>00387nam--2200109-i-4500</leader><controlfield tag="001">000018661</controlfield><controlfield tag="002">20161230</controlfield><controlfield tag="005">20161230201032</controlfield><controlfield tag="008">060222s1000------------r-----000-0-eng-d</controlfield><datafield ind1=" " ind2=" " tag="245"><subfield code="a">Conference sur l emploi des radioisotopes dans les sciences zoobiologiques et medicales. mexico, 21-nov, 1961.resumes des memoires</subfield></datafield><datafield ind1=" " ind2=" " tag="260"><subfield code="a">Vienne, Agence Intern.De L Energie Atom., 1961 148 P</subfield></datafield><datafield ind1=" " ind2=" " tag="852"><subfield code="a">19159</subfield></datafield></record></collection>